<record><leader>00000cas a22000007a 4500</leader><controlfield tag="001">12396048</controlfield><controlfield tag="008">850817d18811896iauwr ne      0    0eng d</controlfield><datafield ind1=" " ind2=" " tag="010"><subfield code="a">sn 85050875 </subfield></datafield><datafield ind1=" " ind2=" " tag="040"><subfield code="a">INP</subfield><subfield code="b">eng</subfield><subfield code="c">INP</subfield><subfield code="d">CNW</subfield><subfield code="d">OCLCQ</subfield><subfield code="d">OCLCF</subfield><subfield code="d">OCLCO</subfield></datafield><datafield ind1="1" ind2=" " tag="029"><subfield code="a">AU@</subfield><subfield code="b">000020386895</subfield></datafield><datafield ind1=" " ind2=" " tag="042"><subfield code="a">msc</subfield></datafield><datafield ind1=" " ind2=" " tag="043"><subfield code="a">n-us-ia</subfield></datafield><datafield ind1="0" ind2="4" tag="245"><subfield code="a">The Cedar Rapids standard.</subfield></datafield><datafield ind1="3" ind2="0" tag="246"><subfield code="a">Standard</subfield></datafield><datafield ind1=" " ind2=" " tag="260"><subfield code="a">Cedar Rapids, Iowa :</subfield><subfield code="b">Millar &amp; Playter,</subfield><subfield code="c">1881-</subfield></datafield><datafield ind1=" " ind2=" " tag="300"><subfield code="a">v. :</subfield><subfield code="b">ill. (chiefly advertisements) ;</subfield><subfield code="c">54-60 cm.</subfield></datafield><datafield ind1=" " ind2=" " tag="310"><subfield code="a">Weekly,</subfield><subfield code="b">&lt;Sept. 1, 1887-Dec. 27, 1888&gt;</subfield></datafield><datafield ind1=" " ind2=" " tag="321"><subfield code="a">Semiweekly,</subfield><subfield code="b">July 31, 1883-&lt;Dec. 31, 1885&gt;</subfield></datafield><datafield ind1=" " ind2=" " tag="321"><subfield code="a">Weekly,</subfield><subfield code="b">Aug. 11, 1881-July 26, 1883</subfield></datafield><datafield ind1="0" ind2=" " tag="362"><subfield code="a">16th year, no. 1 (Aug. 11, 1881)-</subfield></datafield><datafield ind1="1" ind2=" " tag="362"><subfield code="a">Ceased in 1896.</subfield><subfield code="z">Cf. Bibl. of Iowa newspapers.</subfield></datafield><datafield ind1=" " ind2=" " tag="500"><subfield code="a">Publisher varies.</subfield></datafield><datafield ind1=" " ind2=" " tag="500"><subfield code="a">"The only democratic paper in Linn County," Dec. 3, 1883-&lt;Dec. 31, 1885&gt;.</subfield></datafield><datafield ind1=" " ind2=" " tag="500"><subfield code="a">Editors: C.S. Shanklin, &lt;Sept. 1, 1887-Apr. 26, 1888&gt;; L.S. Saner, Sept. 6, 1888-&lt;Dec. 27, 1888&gt;.</subfield></datafield><datafield ind1=" " ind2=" " tag="515"><subfield code="a">Issues for &lt;Sept. 1, 1887-Dec. 27, 1888&gt; called also whole no. &lt;1095-1175&gt;.</subfield></datafield><datafield ind1=" " ind2=" " tag="525"><subfield code="a">Dec. 10, 1885, and Oct. 13, 1887, issues include supplements.</subfield></datafield><datafield ind1=" " ind2="0" tag="651"><subfield code="a">Cedar Rapids (Iowa)</subfield><subfield code="v">Newspapers.</subfield></datafield><datafield ind1=" " ind2="7" tag="655"><subfield code="a">Newspapers.</subfield><subfield code="2">fast</subfield><subfield code="0">(OCoLC)fst01423814</subfield></datafield><datafield ind1=" " ind2="7" tag="651"><subfield code="a">Iowa</subfield><subfield code="z">Cedar Rapids.</subfield><subfield code="2">fast</subfield><subfield code="0">(OCoLC)fst01206097</subfield></datafield><datafield ind1=" " ind2=" " tag="752"><subfield code="a">United States</subfield><subfield code="b">Iowa</subfield><subfield code="c">Linn</subfield><subfield code="d">Cedar Rapids.</subfield></datafield><datafield ind1="0" ind2="0" tag="780"><subfield code="t">Standard (Cedar Rapids, Iowa)</subfield><subfield code="w">(DLC)sn 84024495</subfield></datafield></record>